<?xml version="1.0"?>
<rdf:RDF
      xmlns:rdf="http://www.w3.org/1999/02/22-rdf-syntax-ns#"
      xmlns:rdfs="http://www.w3.org/2000/01/rdf-schema#"
      xmlns:bibo="http://purl.org/ontology/biblio/"
      xmlns:dc="http://purl.org/dc/elements/1.1/"
      xmlns:dcterms="http://purl.org/dc/terms/"
      xmlns:foaf="http://xmlns.com/foaf/0.1/"
>

<bibo:Article rdf:about="">

    <dc:title>Gravity currents produced by lock exchanges: experiments and simulations with a two&#45;layer shallow&#45;water model with entrainment</dc:title>
    <dc:date>2012</dc:date>
    <dcterms:isPartOf><bibo:Journal><dc:title>Journal of Hydraulic Engineering</dc:title></bibo:Journal></dcterms:isPartOf>
    <bibo:volume>138</bibo:volume>




   <bibo:contribution>
  <bibo:Contribution>
    <bibo:role rdf:resource="http://purl.org/ontology/bibo/roles/author" />
    <bibo:contributor><foaf:Person foaf:name="Adduce&#44; C"/></bibo:contributor>
    <bibo:position>1</bibo:position>
  </bibo:Contribution>
</bibo:contribution>

<bibo:contribution>
  <bibo:Contribution>
    <bibo:role rdf:resource="http://purl.org/ontology/bibo/roles/author" />
    <bibo:contributor><foaf:Person foaf:name="Sciortino&#44; G"/></bibo:contributor>
    <bibo:position>2</bibo:position>
  </bibo:Contribution>
</bibo:contribution>

<bibo:contribution>
  <bibo:Contribution>
    <bibo:role rdf:resource="http://purl.org/ontology/bibo/roles/author" />
    <bibo:contributor><foaf:Person foaf:name="Proietti&#44; S"/></bibo:contributor>
    <bibo:position>3</bibo:position>
  </bibo:Contribution>
</bibo:contribution>



</bibo:Article>
<bibo:Document rdf:about="">

    <dc:title>Unsteady Flow in Open Channels</dc:title>
    <dc:date>2017</dc:date>



   <bibo:contribution>
  <bibo:Contribution>
    <bibo:role rdf:resource="http://purl.org/ontology/bibo/roles/author" />
    <bibo:contributor><foaf:Person foaf:name="Battjes&#44; Jurjen A."/></bibo:contributor>
    <bibo:position>1</bibo:position>
  </bibo:Contribution>
</bibo:contribution>



</bibo:Document>
<bibo:Article rdf:about="">

    <dc:title>Gravity currents produced by lock exchange</dc:title>
    <dc:date>2004</dc:date>
    <dcterms:isPartOf><bibo:Journal><dc:title>Journal of Fluid Mechanics</dc:title></bibo:Journal></dcterms:isPartOf>
    <bibo:volume>521</bibo:volume>




   <bibo:contribution>
  <bibo:Contribution>
    <bibo:role rdf:resource="http://purl.org/ontology/bibo/roles/author" />
    <bibo:contributor><foaf:Person foaf:name="Shin&#44; JO"/></bibo:contributor>
    <bibo:position>1</bibo:position>
  </bibo:Contribution>
</bibo:contribution>

<bibo:contribution>
  <bibo:Contribution>
    <bibo:role rdf:resource="http://purl.org/ontology/bibo/roles/author" />
    <bibo:contributor><foaf:Person foaf:name="Dalziel&#44; SB"/></bibo:contributor>
    <bibo:position>2</bibo:position>
  </bibo:Contribution>
</bibo:contribution>

<bibo:contribution>
  <bibo:Contribution>
    <bibo:role rdf:resource="http://purl.org/ontology/bibo/roles/author" />
    <bibo:contributor><foaf:Person foaf:name="Linden&#44; PF"/></bibo:contributor>
    <bibo:position>3</bibo:position>
  </bibo:Contribution>
</bibo:contribution>



</bibo:Article>
<bibo:Article rdf:about="">

    <dc:title>Lock&#45;exchange gravity currents over rough bottoms</dc:title>
    <dc:date>2018</dc:date>
    <dcterms:isPartOf><bibo:Journal><dc:title>Environmental Fluid Mechanics</dc:title></bibo:Journal></dcterms:isPartOf>
    <bibo:volume>18</bibo:volume>




   <bibo:contribution>
  <bibo:Contribution>
    <bibo:role rdf:resource="http://purl.org/ontology/bibo/roles/author" />
    <bibo:contributor><foaf:Person foaf:name="Cenedese&#44; C"/></bibo:contributor>
    <bibo:position>1</bibo:position>
  </bibo:Contribution>
</bibo:contribution>

<bibo:contribution>
  <bibo:Contribution>
    <bibo:role rdf:resource="http://purl.org/ontology/bibo/roles/author" />
    <bibo:contributor><foaf:Person foaf:name="Nokes&#44; R"/></bibo:contributor>
    <bibo:position>2</bibo:position>
  </bibo:Contribution>
</bibo:contribution>

<bibo:contribution>
  <bibo:Contribution>
    <bibo:role rdf:resource="http://purl.org/ontology/bibo/roles/author" />
    <bibo:contributor><foaf:Person foaf:name="Hyatt&#44; J"/></bibo:contributor>
    <bibo:position>3</bibo:position>
  </bibo:Contribution>
</bibo:contribution>



</bibo:Article>
<bibo:Article rdf:about="">

    <dc:title>Computational Modelling of Flow and Transport</dc:title>
    <dc:date>2015</dc:date>
    <dcterms:isPartOf><bibo:Journal><dc:title>Collegedictaat CIE4340</dc:title></bibo:Journal></dcterms:isPartOf>





   <bibo:contribution>
  <bibo:Contribution>
    <bibo:role rdf:resource="http://purl.org/ontology/bibo/roles/author" />
    <bibo:contributor><foaf:Person foaf:name="Zijlema&#44; M."/></bibo:contributor>
    <bibo:position>1</bibo:position>
  </bibo:Contribution>
</bibo:contribution>



</bibo:Article>
<bibo:Document rdf:about="">

    <dc:title>Numerical Methods for Ordinary differential equations</dc:title>
    <dc:date>2007</dc:date>



   <bibo:contribution>
  <bibo:Contribution>
    <bibo:role rdf:resource="http://purl.org/ontology/bibo/roles/author" />
    <bibo:contributor><foaf:Person foaf:name="Vuik&#44; Cornelis"/></bibo:contributor>
    <bibo:position>1</bibo:position>
  </bibo:Contribution>
</bibo:contribution>

<bibo:contribution>
  <bibo:Contribution>
    <bibo:role rdf:resource="http://purl.org/ontology/bibo/roles/author" />
    <bibo:contributor><foaf:Person foaf:name="Vermolen&#44; Fredericus Johannes"/></bibo:contributor>
    <bibo:position>2</bibo:position>
  </bibo:Contribution>
</bibo:contribution>

<bibo:contribution>
  <bibo:Contribution>
    <bibo:role rdf:resource="http://purl.org/ontology/bibo/roles/author" />
    <bibo:contributor><foaf:Person foaf:name="Gijzen&#44; Martin Bastiaan"/></bibo:contributor>
    <bibo:position>3</bibo:position>
  </bibo:Contribution>
</bibo:contribution>

<bibo:contribution>
  <bibo:Contribution>
    <bibo:role rdf:resource="http://purl.org/ontology/bibo/roles/author" />
    <bibo:contributor><foaf:Person foaf:name="Vuik&#44; MJ"/></bibo:contributor>
    <bibo:position>4</bibo:position>
  </bibo:Contribution>
</bibo:contribution>



</bibo:Document>
<bibo:Document rdf:about="">

    <dc:title>Numerical dispersion &#45; AMS Glossary</dc:title>




   <bibo:contribution>
  <bibo:Contribution>
    <bibo:role rdf:resource="http://purl.org/ontology/bibo/roles/author" />
    <bibo:contributor><foaf:Person foaf:name="AmericanMeteorologicalSociety"/></bibo:contributor>
    <bibo:position>1</bibo:position>
  </bibo:Contribution>
</bibo:contribution>



</bibo:Document>
<bibo:Article rdf:about="https://doi.org/10.1007/bf01448839">

    <dc:title>&#220;ber die partiellen Differenzengleichungen der mathematischen Physik</dc:title>
    <dc:date>1928</dc:date>

    <bibo:volume>100</bibo:volume>
    <bibo:doi>10.1007/bf01448839</bibo:doi>



   <bibo:contribution>
  <bibo:Contribution>
    <bibo:role rdf:resource="http://purl.org/ontology/bibo/roles/author" />
    <bibo:contributor><foaf:Person foaf:name="R. Courant"/></bibo:contributor>
    <bibo:position>1</bibo:position>
  </bibo:Contribution>
</bibo:contribution>

<bibo:contribution>
  <bibo:Contribution>
    <bibo:role rdf:resource="http://purl.org/ontology/bibo/roles/author" />
    <bibo:contributor><foaf:Person foaf:name="K. Friedrichs"/></bibo:contributor>
    <bibo:position>2</bibo:position>
  </bibo:Contribution>
</bibo:contribution>

<bibo:contribution>
  <bibo:Contribution>
    <bibo:role rdf:resource="http://purl.org/ontology/bibo/roles/author" />
    <bibo:contributor><foaf:Person foaf:name="H. Lewy"/></bibo:contributor>
    <bibo:position>3</bibo:position>
  </bibo:Contribution>
</bibo:contribution>



</bibo:Article>
<bibo:Document rdf:about="">

    <dc:title>D&#45;Flow Flexible Mesh&#44; Technical Reference Manualtmet</dc:title>
    <dc:date>2020</dc:date>




</bibo:Document>
<bibo:Article rdf:about="https://doi.org/10.1016/0021&#45;9991(68)90041&#45;7">

    <dc:title>Heuristic stability theory for finite&#45;difference equations</dc:title>
    <dc:date>1968</dc:date>

    <bibo:volume>2</bibo:volume>
    <bibo:doi>10.1016/0021&#45;9991(68)90041&#45;7</bibo:doi>



   <bibo:contribution>
  <bibo:Contribution>
    <bibo:role rdf:resource="http://purl.org/ontology/bibo/roles/author" />
    <bibo:contributor><foaf:Person foaf:name="C. W. Hirt"/></bibo:contributor>
    <bibo:position>1</bibo:position>
  </bibo:Contribution>
</bibo:contribution>



</bibo:Article>
<bibo:Article rdf:about="https://doi.org/10.1002/sapm1950291223">

    <dc:title>A Study of the Numerical Solution of Partial Differential Equations</dc:title>
    <dc:date>1950</dc:date>
    <dcterms:isPartOf><bibo:Journal><dc:title>Journal of Mathematics and Physics</dc:title></bibo:Journal></dcterms:isPartOf>
    <bibo:volume>29</bibo:volume>
    <bibo:doi>10.1002/sapm1950291223</bibo:doi>



   <bibo:contribution>
  <bibo:Contribution>
    <bibo:role rdf:resource="http://purl.org/ontology/bibo/roles/author" />
    <bibo:contributor><foaf:Person foaf:name="O&#39;Brien&#44; George G."/></bibo:contributor>
    <bibo:position>1</bibo:position>
  </bibo:Contribution>
</bibo:contribution>

<bibo:contribution>
  <bibo:Contribution>
    <bibo:role rdf:resource="http://purl.org/ontology/bibo/roles/author" />
    <bibo:contributor><foaf:Person foaf:name="Hyman&#44; Morton A."/></bibo:contributor>
    <bibo:position>2</bibo:position>
  </bibo:Contribution>
</bibo:contribution>

<bibo:contribution>
  <bibo:Contribution>
    <bibo:role rdf:resource="http://purl.org/ontology/bibo/roles/author" />
    <bibo:contributor><foaf:Person foaf:name="Kaplan&#44; Sidney"/></bibo:contributor>
    <bibo:position>3</bibo:position>
  </bibo:Contribution>
</bibo:contribution>



</bibo:Article>
<bibo:Article rdf:about="https://doi.org/10.1002/zamm.19250050212">

    <dc:title>7. Bericht &#252;ber Untersuchungen zur ausgebildeten Turbulenz</dc:title>
    <dc:date>1925</dc:date>

    <bibo:volume>5</bibo:volume>
    <bibo:doi>10.1002/zamm.19250050212</bibo:doi>



   <bibo:contribution>
  <bibo:Contribution>
    <bibo:role rdf:resource="http://purl.org/ontology/bibo/roles/author" />
    <bibo:contributor><foaf:Person foaf:name="L. Prandtl"/></bibo:contributor>
    <bibo:position>1</bibo:position>
  </bibo:Contribution>
</bibo:contribution>



</bibo:Article>
<bibo:Article rdf:about="">

    <dc:title>A general method to compute numerical dispersion errors and its application to stretched meshes</dc:title>
    <dc:date>2019</dc:date>






   <bibo:contribution>
  <bibo:Contribution>
    <bibo:role rdf:resource="http://purl.org/ontology/bibo/roles/author" />
    <bibo:contributor><foaf:Person foaf:name="Ruano&#44; J."/></bibo:contributor>
    <bibo:position>1</bibo:position>
  </bibo:Contribution>
</bibo:contribution>

<bibo:contribution>
  <bibo:Contribution>
    <bibo:role rdf:resource="http://purl.org/ontology/bibo/roles/author" />
    <bibo:contributor><foaf:Person foaf:name="B&#225;ez Vidal&#44; Aleix"/></bibo:contributor>
    <bibo:position>2</bibo:position>
  </bibo:Contribution>
</bibo:contribution>

<bibo:contribution>
  <bibo:Contribution>
    <bibo:role rdf:resource="http://purl.org/ontology/bibo/roles/author" />
    <bibo:contributor><foaf:Person foaf:name="Trias&#44; F.Xavier"/></bibo:contributor>
    <bibo:position>3</bibo:position>
  </bibo:Contribution>
</bibo:contribution>

<bibo:contribution>
  <bibo:Contribution>
    <bibo:role rdf:resource="http://purl.org/ontology/bibo/roles/author" />
    <bibo:contributor><foaf:Person foaf:name="Rigola&#44; Joaquim"/></bibo:contributor>
    <bibo:position>4</bibo:position>
  </bibo:Contribution>
</bibo:contribution>



</bibo:Article>
</rdf:RDF>
