% Encoding: UTF-8

@Article{Shin2004,
  author    = {Shin, JO and Dalziel, SB and Linden, PF},
  journal   = {Journal of Fluid Mechanics},
  title     = {Gravity currents produced by lock exchange},
  year      = {2004},
  pages     = {1--34},
  volume    = {521},
  publisher = {Cambridge University Press},
}

@Article{Adduce2012,
  author    = {Adduce, C and Sciortino, G and Proietti, S},
  journal   = {Journal of Hydraulic Engineering},
  title     = {Gravity currents produced by lock exchanges: experiments and simulations with a two-layer shallow-water model with entrainment},
  year      = {2012},
  number    = {2},
  pages     = {111--121},
  volume    = {138},
  publisher = {American Society of Civil Engineers},
}

@Article{Hirt1968,
  author = {C. W. Hirt},
  title  = {Heuristic stability theory for finite-difference equations},
  year   = {1968},
  issn   = {0021-9991},
  pages  = {339-355},
  volume = {2},
  doi    = {10.1016/0021-9991(68)90041-7},
}

@Article{Cenedese2018,
  author    = {Cenedese, C and Nokes, R and Hyatt, J},
  journal   = {Environmental Fluid Mechanics},
  title     = {Lock-exchange gravity currents over rough bottoms},
  year      = {2018},
  number    = {1},
  pages     = {59--73},
  volume    = {18},
  publisher = {Springer},
}

@Book{Vuik2007,
  author    = {Vuik, Cornelis and Vermolen, Fredericus Johannes and Gijzen, Martin Bastiaan and Vuik, MJ},
  publisher = {VSSD},
  title     = {Numerical Methods for Ordinary differential equations},
  year      = {2007},
}

@Article{zijlema_computational_2015,
  author    = {Zijlema, M.},
  journal   = {Collegedictaat CIE4340},
  title     = {Computational {Modelling} of {Flow} and {Transport}},
  year      = {2015},
  language  = {en},
  publisher = {TU Delft, Department Hydraulic Engineering},
  url       = {https://repository.tudelft.nl/islandora/object/uuid%3A5e7dac47-0159-4af3-b1d8-32d37d2a8406},
  urldate   = {2020-04-29},
}

@article{obrien_study_1950,
	title = {A {Study} of the {Numerical} {Solution} of {Partial} {Differential} {Equations}},
	volume = {29},
	issn = {1467-9590},
	url = {https://onlinelibrary.wiley.com/doi/abs/10.1002/sapm1950291223},
	doi = {10.1002/sapm1950291223},
	language = {en},
	number = {1-4},
	urldate = {2020-04-29},
	journal = {Journal of Mathematics and Physics},
	author = {O'Brien, George G. and Hyman, Morton A. and Kaplan, Sidney},
	year = {1950},
	pages = {223--251}
}

@Misc{AMS,
  author  = {AmericanMeteorologicalSociety},
  title   = {Numerical dispersion - {AMS} {Glossary}},
  url     = {http://glossary.ametsoc.org/wiki/Numerical_dispersion},
  urldate = {2020-05-03},
}

@Article{Ruano2019,
  author = {Ruano, J. and Báez Vidal, Aleix and Trias, F.Xavier and Rigola, Joaquim},
  title  = {A general method to compute numerical dispersion errors and its application to stretched meshes},
  year   = {2019},
  month  = {09},
}

@Manual{DFlowTechMan,
  title        = {D-Flow Flexible Mesh, Technical Reference Manualtmet},
  edition      = {Version 1.1.0 - SVN Revision 66571},
  month        = apr,
  organization = {Deltares systems},
  year         = {2020},
}

@Book{Battjes2017,
  author    = {Battjes, Jurjen A.},
  publisher = {CAMBRIDGE UNIVERSITY PRESS},
  title     = {Unsteady Flow in Open Channels},
  year      = {2017},
  isbn      = {1107150299},
  date      = {2017-02-16},
  ean       = {9781107150294},
  url       = {https://www.ebook.de/de/product/27503143/jurjen_a_battjes_unsteady_flow_in_open_channels.html},
}

@Article{Courant1928,
  author = {R. Courant and K. Friedrichs and H. Lewy},
  title  = {Über die partiellen Differenzengleichungen der mathematischen Physik},
  year   = {1928},
  issn   = {0025-5831},
  pages  = {32-74},
  volume = {100},
  doi    = {10.1007/bf01448839},
}

@Comment{jabref-meta: databaseType:bibtex;}
